
@misc{pais_perspectives_nodate,
	title = {Perspectives on {GDPR} - The {GDPR} for  Operations , What Should Software Engineers Know About the {GDPR}?},
	url = {https://canvas.kth.se/courses/31166/files/4790590?wrap=1},
	publisher = {{InfoQ}},
	author = {Pais, Manuel and Topper, Jon and Santala, Arto and Burt, Andrew and Touv, Steve},
	urldate = {2022-04-15},
}

@book{rubin_handbook_2011,
	title = {Handbook of Usability Testing: How to Plan, Design, and Conduct Effective Tests},
	isbn = {978-1-118-08040-5},
	shorttitle = {Handbook of Usability Testing},
	abstract = {Whether it's software, a cell phone, or a refrigerator, your customer wants - no, expects - your product to be easy to use. This fully revised handbook provides clear, step-by-step guidelines to help you test your product for usability. Completely updated with current industry best practices, it can give you that all-important marketplace advantage: products that perform the way users expect. You'll learn to recognize factors that limit usability, decide where testing should occur, set up a test plan to assess goals for your product's usability, and more.},
	pagetotal = {384},
	publisher = {John Wiley \& Sons},
	author = {Rubin, Jeffrey and Chisnell, Dana},
	date = {2011-03-10},
	langid = {english},
	note = {Google-Books-{ID}: l\_e1MmVzMb0C},
	keywords = {Computers / Computer Science, Computers / Programming / General, Computers / User Interfaces},
}

@misc{noauthor_arbetsmiljon_nodate,
	title = {Arbetsmiljön är viktig},
	url = {https://canvas.kth.se/courses/31166/files/4790381?wrap=1},
	urldate = {2022-04-01},
}

@unpublished{lundevall_rollen_nodate,
	location = {Stockholm Kista},
	title = {Rollen som Projektledare},
	url = {canvas},
	note = {Role Seminar},
	author = {Lundevall, Fredrik},
	urldate = {2022-05-29},
}

@book{eriksson_test_2008,
	title = {Test och kvalitetssäkring av {IT}-system},
	isbn = {978-91-44-01601-6},
	url = {https://books.google.se/books?id=ZTm\_NAAACAAJ},
	publisher = {Studentlitteratur},
	author = {Eriksson, U.},
	date = {2008},
}

@online{atlassian_kanban_nodate,
	title = {Kanban - A brief introduction},
	url = {https://www.atlassian.com/agile/kanban},
	abstract = {An introduction to kanban methodology for agile software development and its benefits for your agile team.},
	titleaddon = {Atlassian},
	author = {Atlassian},
	urldate = {2022-05-29},
	langid = {english},
}

@online{atlassian_scrum_nodate,
	title = {Scrum - what it is, how it works, and why it's awesome},
	url = {https://www.atlassian.com/agile/scrum},
	abstract = {Scrum is a structured framework for product development that is frequently used by agile software development teams. Read this beginner\&\#039;s guide to scrum.},
	titleaddon = {Atlassian},
	author = {Atlassian},
	urldate = {2022-05-29},
	langid = {english},
}

@online{hamilton_test_2020,
	title = {Test Coverage in Software Testing},
	url = {https://www.guru99.com/test-coverage-in-software-testing.html},
	abstract = {In software testing, test coverage measures the amount of testing performed by a set of test. It will include gathering information about which parts of a program are actually executed when running th},
	author = {Hamilton, Thomas},
	urldate = {2022-05-29},
	date = {2020-05-17},
	langid = {american},
	note = {Section: Software Testing},
}

@online{noauthor_guidelines_nodate,
	title = {Guidelines: Test Case},
	url = {https://sceweb.uhcl.edu/helm/RationalUnifiedProcess/process/modguide/md_tstcs.htm},
	urldate = {2022-05-29},
}

@online{hamilton_how_2020,
	title = {How to Write Test Cases: Sample Template with Examples},
	url = {https://www.guru99.com/test-case.html},
	shorttitle = {How to Write Test Cases},
	abstract = {This tutorial covers ✔️ How to Write Test Cases ✔️ Format of Standard Test Cases ✔️ Best Practice for Writing Test Cases ✔️ Test Case Tools and more.},
	author = {Hamilton, Thomas},
	urldate = {2022-05-29},
	date = {2020-01-18},
	langid = {american},
	note = {Section: Software Testing},
}

@book{lindback_first_2022,
	location = {Stockholm Kista},
	title = {A First Course in Object Oriented Development A Hands-On Approach},
	publisher = {Leif Lindbäck},
	author = {Lindbäck, Leif},
	date = {2022-03-08},
}

@online{noauthor_writing_nodate,
	title = {Writing Your First Test},
	url = {https://docs.cypress.io/guides/getting-started/writing-your-first-test},
	abstract = {What you'll learn How to start testing a new project in Cypress. What passing and failing tests look like. Testing web navigation, {DOM} querying, and},
	titleaddon = {Cypress Documentation},
	urldate = {2022-05-29},
	langid = {english},
}

@online{noauthor_javascript_nodate,
	title = {{JavaScript} End to End Testing Framework},
	url = {https://www.cypress.io/},
	abstract = {Fast, easy and reliable testing for anything that runs in a browser. Install Cypress in seconds and take the pain out of front-end testing.},
	titleaddon = {{JavaScript} End to End Testing Framework {\textbar} cypress.io testing tools},
	urldate = {2022-05-29},
	langid = {english},
}

@online{hamilton_integration_2020,
	title = {Integration Testing: What is, Types, Top Down \& Bottom Up Example},
	url = {https://www.guru99.com/integration-testing.html},
	shorttitle = {Integration Testing},
	abstract = {Integration Testing is defined as a type of testing where software modules are integrated logically and tested as a group. Examples of Integration Testing Big Bang Approach, Incremental, Top Down, Bottom Up, Sandwich(hybrid), stub, driver},
	author = {Hamilton, Thomas},
	urldate = {2022-05-29},
	date = {2020-01-11},
	langid = {american},
	note = {Section: Software Testing},
}

@online{kendrahavens_introduction_nodate,
	title = {Introduction to software testing concepts - Learn},
	url = {https://docs.microsoft.com/en-us/learn/modules/visual-studio-test-concepts/},
	abstract = {Evaluate if testing is right for your scenarios, and familiarize yourself with basic testing concepts such as {TDD}, {BDD}, unit testing, {UI} testing, and the test pyramid.},
	author = {kendrahavens},
	urldate = {2022-05-29},
	langid = {english},
}

@misc{jacobson_use-case_2011,
	title = {{USE}-{CASE} 2.0 The Guide to Succeeding with Use Cases},
	url = {https://canvas.kth.se/courses/31166/pages/arbetsroller-slash-ansvar?module_item_id=395079},
	publisher = {Ivar Jacobson International {SA}.},
	author = {Jacobson, Ivar and Spence, Ian and Bittner, Kurt},
	urldate = {2022-05-28},
	date = {2011},
}

@unpublished{tanyingyong_roll_nodate,
	location = {Stockholm Kista},
	title = {Roll: Arkitekt {II}1302: Projekt och projektmetoder 7,5hp},
	url = {https://canvas.kth.se/courses/31166/files/5427700?wrap=1},
	note = {Role Seminar},
	author = {Tanyingyong, Voravit},
	urldate = {2022-05-28},
}

@online{noauthor_essential_2016,
	title = {Essential Unified Process},
	url = {https://www.ivarjacobson.com/services/essential-unified-process},
	abstract = {Essential Unified Process ({EssUP}) focuses on the essentials with eight practices that can be used in different circumstances and compatible with agile values.},
	titleaddon = {Ivar Jacobson International},
	urldate = {2022-05-28},
	date = {2016-05-16},
	langid = {english},
}

@online{noauthor_alpha_2015,
	title = {Alpha State Card Reference Guide},
	url = {https://www.ivarjacobson.com/publications/white-papers/alpha-state-card-reference-guide},
	abstract = {This Reference Guide provides a brief introduction to the Alphas and Alpha State Cards. It is designed to support the use the Alpha State Cards by software development teams and, in particular, the games that can be played with them.},
	titleaddon = {Ivar Jacobson International},
	urldate = {2022-05-28},
	date = {2015-07-18},
	langid = {english},
}

@online{noauthor_practice_nodate,
	title = {Practice Library},
	url = {https://practicelibrary.ivarjacobson.com/start},
	urldate = {2022-05-28},
}

@misc{kruchten_architectural_nodate,
	title = {Architectural Blueprints—The “4+1” View Model of Software Architecture},
	url = {https://www3.software.ibm.com/ibmdl/pub/software/rational/web/whitepapers/2003/Pbk4p1.pdf},
	abstract = {This article presents a model for describing the architecture of software-intensive systems, based on the use of multiple, concurrent views. This use of multiple views allows to address separately the concerns of the various ‘stakeholders’ of the architecture: end-user, developers, systems engineers, project managers, etc., and to handle separately the functional and non functional requirements. Each of the five views is described, together with a notation to capture it. The views are designed using an architecture-centered, scenariodriven, iterative development process.},
	publisher = {{IBM}},
	author = {Kruchten, Philippe},
	langid = {english},
}

@online{brown_c4_nodate,
	title = {The C4 Model for Software Architecture},
	url = {https://www.infoq.com/articles/C4-architecture-model/},
	titleaddon = {{InfoQ}},
	type = {Online Magazine},
	author = {Brown, Simon},
	urldate = {2022-04-06},
}

@book{richards_fundamentals_2020,
	title = {Fundamentals of Software Architecture},
	isbn = {978-1-4920-4345-4},
	abstract = {Salary surveys worldwide regularly place software architect in the top 10 best jobs, yet no real guide exists to help developers become architects. Until now. This book provides the first comprehensive overview of software architecture’s many aspects. Aspiring and existing architects alike will examine architectural characteristics, architectural patterns, component determination, diagramming and presenting architecture, evolutionary architecture, and many other topics.

Mark Richards and Neal Ford—hands-on practitioners who have taught software architecture classes professionally for years—focus on architecture principles that apply across all technology stacks. You’ll explore software architecture in a modern light, taking into account all the innovations of the past decade.},
	publisher = {O'Reilly Media, Inc.},
	author = {Richards, Mark and Ford, Neal},
	date = {2020-01},
}

@online{noauthor_arbetsrolleransvar_nodate,
	title = {Arbetsroller/ansvar: {II}1302 {VT}22-1 Projekt och projektmetoder},
	url = {https://canvas.kth.se/courses/31166/pages/arbetsroller-slash-ansvar?module_item_id=395079},
	urldate = {2022-05-27},
}

@online{noauthor_hallbar_nodate,
	title = {Hållbar utveckling},
	url = {https://www.kth.se/om/miljo-hallbar-utveckling/utbildning-miljo-hallbar-utveckling/verktygslada/sustainable-development/hallbar-utveckling-1.350579},
	abstract = {Hållbar utveckling är ett begrepp som alla känner till. Trots detta är det ofta frustrerande svårt att sätta fingret på vad begreppet egentligen innebär.},
	titleaddon = {{KTH}},
	urldate = {2022-05-25},
	langid = {swedish},
}

@unpublished{lundevall_rollen_nodate-1,
	location = {Stockholm Kista},
	title = {Rollen som hållbarhetsansvarig},
	url = {https://canvas.kth.se/courses/31166/files/5427431?module_item_id=481983},
	note = {Role Seminar},
	author = {Lundevall, Fredrik},
	urldate = {2022-05-25},
}

@article{cockburn_selecting_2000,
	title = {Selecting a project's methodology},
	volume = {17},
	issn = {07407459},
	url = {http://ieeexplore.ieee.org/document/854070/},
	doi = {10.1109/52.854070},
	abstract = {This report covers an investigation done at {KTH} to test and evaluate project methods for a small {IT} project within the course {II}1302 - Projects and project methods. The investigation takes the form of a qualitative study performed as a case study where the authors of the document tested several project methods while developing a product prototype and aims to answer the question “what is a good project method for a small {IT} project?”.},
	pages = {64--71},
	number = {4},
	journaltitle = {{IEEE} Software},
	shortjournal = {{IEEE} Softw.},
	author = {Cockburn, A.},
	urldate = {2022-05-24},
	date = {2000-08},
	langid = {english},
}

@book{ian_sommerville_software_nodate,
	edition = {10th edition},
	title = {Software engineering},
	author = {{Ian Sommerville}},
}

@book{kniberg_scrum_2015,
	edition = {2nd Edition},
	title = {Scrum and {XP} from the Trenches - 2nd Edition},
	isbn = {978-1-329-22427-8},
	abstract = {This book aims to give you a head start by providing a detailed down-to-earth account of how one Swedish company implemented Scrum and {XP} with a team of approximately 40 people and how they continuously improved their process over a year's time. Under the leadership of Henrik Kniberg they experimented with different team sizes, different sprint lengths, different ways of defining "done", different formats for product backlogs and sprint backlogs, different testing strategies, different ways of doing demos, different ways of synchronizing multiple Scrum teams, etc. They also experimented with {XP} practices - different ways of doing continuous build, pair programming, test driven development, etc, and how to combine this with Scrum. This second edition is an annotated version, a "director's cut" where Henrik reflects upon the content and shares new insights gained since the first version of the book.},
	pagetotal = {186},
	publisher = {C4Media},
	author = {Kniberg, Henrik},
	urldate = {2022-05-23},
	date = {2015},
	langid = {english},
}

@misc{james_grenning_applying_2007,
	title = {Applying Test Driven Development to Embedded Software},
	url = {https://ieeexplore-ieee-org.focus.lib.kth.se/stamp/stamp.jsp?tp=&arnumber=4428578&tag=1},
	publisher = {{IEEE} Instrumentation \& Measurement Magazine},
	author = {{James Grenning}},
	date = {2007-12},
}

@misc{eklund_arbeta_2010,
	title = {Arbeta i projekt-Individen, gruppen, ledaren (Vol. 4)},
	publisher = {Studentlitteratur},
	author = {Eklund, S.},
	date = {2010},
}